@book{KM80,
  author = {Frank Mittelbach and Michel Gossens
            and Johannes Braams and David Carlisle
            and Chris Rowley},
  year = {2004},
  title = {The {\LaTeX} Companion},
  publisher = {Addison-Wesley Professional},
}

@article{cheng2024,
  author = {Shiwang Cheng and David Kogut and Juncheng Zheng and Shalin Patil and Fuming Yang and Weiyi Lu},
  title = {Dynamics of polylactic acid under ultrafine nanoconfinement: The collective interface effect and the spatial gradient},
  journal = {Journal of Chemical Physics},
  volume = {160},
  number = {11},
  pages = {114904},
  year = {2024},
  doi = {10.1063/5.0189762},
  url = {https://doi.org/10.1063/5.0189762},
  note = {Special Collection: Polymer Nanoconfinement}
}

@book{kremer2003,
  title        = {Broadband Dielectric Spectroscopy},
  editor       = {Friedrich Kremer and Andreas Sch√∂nhals},
  publisher    = {Springer Berlin, Heidelberg},
  year         = {2003},
  edition      = {1},
  doi          = {10.1007/978-3-642-56120-7},
  isbn         = {978-3-540-43407-8},
  url          = {https://doi.org/10.1007/978-3-642-56120-7},
  pages        = {XXI, 729},
}

@article{wubbenhorst,
  author       = {Michael W{\"u}bbenhorst and Jan van Turnhout},
  title        = {Analysis of complex dielectric spectra. I. One-dimensional derivative techniques and three-dimensional modelling},
  journal      = {Journal of Non-Crystalline Solids},
  volume       = {305},
  pages        = {40--49},
  year         = {2002},
  url          = {https://www.elsevier.com/locate/jnoncrysol},
  address      = {Delft, The Netherlands},
  note         = {Department of Polymer Materials \& Engineering, Delft University of Technology}
}

@article{serghei,
  author       = {A. Serghei and M. Tress and F. Kremer},
  title        = {The glass transition of thin polymer films in relation to the interfacial dynamics},
  journal      = {The Journal of Chemical Physics},
  volume       = {131},
  number       = {15},
  pages        = {154904},
  year         = {2009},
  doi          = {10.1063/1.3248368},
  url          = {https://doi.org/10.1063/1.3248368},
  address      = {Leipzig, Germany},
  note         = {Institute for Experimental Physics I, University of Leipzig, and Department of Polymer Science and Engineering, University of Massachusetts Amherst},
  month        = {oct},
}

@article{FUJITA,
title = {Atomic force microscopy of single polymer chains on a substrate at temperatures above the bulk glass transition temperatures},
journal = {Polymer},
volume = {168},
pages = {21-28},
year = {2019},
issn = {0032-3861},
doi = {https://doi.org/10.1016/j.polymer.2019.02.014},
url = {https://www.sciencedirect.com/science/article/pii/S0032386119301351},
author = {Ryo Fujita and Kenshiro Furudate and Jiro Kumaki},
keywords = {Isolated chain, Atomic force microscopy, High temperature, Movement, Glass transition temperature},
}

@article{levit2019,
  author       = {Rafael Levit and Julio C. Martinez-Garcia and Diego A. Ochoa and Jos{\'e} E. Garc{\'i}a},
  title        = {The generalized Vogel-Fulcher-Tamman equation for describing the dynamics of relaxor ferroelectrics},
  journal      = {Scientific Reports},
  volume       = {9},
  number       = {1},
  pages        = {12390},
  year         = {2019},
  doi          = {10.1038/s41598-019-48864-0},
  url          = {https://doi.org/10.1038/s41598-019-48864-0},
  issn         = {2045-2322},
  month        = {aug},
}

@article{zhao2023,
  author       = {Ding Zhao and Baohua Yue and others},
  title        = {On the viscosity of molten salts and molten salt mixtures and its temperature dependence},
  journal      = {Journal of Energy Storage},
  year         = {2023},
  note         = {Article discusses the temperature dependence of the viscosity of molten salts using the Arrhenius equation.},
}


@book{grundmann2021,
  author       = {Marius Grundmann},
  title        = {The Physics of Semiconductors},
  subtitle     = {An Introduction Including Nanophysics and Applications},
  series       = {Graduate Texts in Physics},
  edition      = {4},
  publisher    = {Springer Cham},
  year         = {2021},
  doi          = {10.1007/978-3-030-51569-0},
  isbn         = {978-3-030-51568-3},
  url          = {https://doi.org/10.1007/978-3-030-51569-0},
  pages        = {XXXVII + 889},
  keywords     = {Semiconductors, Nanoscale Science and Technology, Electronics and Microelectronics, Instrumentation, Solid State Physics},
}

@article{yin2012,
  author       = {Huajie Yin and Simone Napolitano and Andreas Sch{\"o}nhals},
  title        = {Molecular Mobility and Glass Transition of Thin Films of Poly(bisphenol A carbonate)},
  journal      = {Macromolecules},
  volume       = {45},
  pages        = {1652--1662},
  year         = {2012},
  doi          = {10.1021/ma202127p},
  url          = {https://dx.doi.org/10.1021/ma202127p},
  address      = {Berlin, Germany; Bruxelles, Belgium},
  note         = {Received: September 20, 2011; Revised: January 12, 2012; Published: January 30, 2012},
}

@article{booij1982,
  author       = {H. C. Booij and G. P. J. M. Thoone},
  title        = {Generalization of Kramers-Kronig transforms and some approximations of relations between viscoelastic quantities},
  journal      = {Rheologica Acta},
  volume       = {21},
  number       = {1},
  pages        = {15--24},
  year         = {1982},
  doi          = {10.1007/BF01520701},
  url          = {https://doi.org/10.1007/BF01520701},
  issn         = {1435-1528},
  note         = {Published January 1, 1982},
}

@article{winkler2021,
  author       = {Roksana Winkler and Aparna Beena Unni and Wenkang Tu and Katarzyna Chat and Karolina Adrjanowicz},
  title        = {On the Segmental Dynamics and the Glass Transition Behavior of Poly(2-vinylpyridine) in One- and Two-Dimensional Nanometric Confinement},
  journal      = {The Journal of Physical Chemistry B},
  year         = {2021},
  volume       = {125},
  number       = {23},
  pages        = {6298--6310},
  doi          = {10.1021/acs.jpcb.1c01245},
  url          = {https://doi.org/10.1021/acs.jpcb.1c01245},
  note         = {Downloaded via 181.215.217.186 on May 29, 2021 at 18:55:43 (UTC). See \url{https://pubs.acs.org/sharingguidelines} for options on how to legitimately share published articles.},
}

@article{KIM2017167,
title = {Achieving high efficiency by high temperature annealing of hole transporting polymer layer in solution-processed organic light-emitting devices},
journal = {Synthetic Metals},
volume = {232},
pages = {167-170},
year = {2017},
issn = {0379-6779},
doi = {https://doi.org/10.1016/j.synthmet.2017.08.004},
url = {https://www.sciencedirect.com/science/article/pii/S0379677917302266},
author = {Tae-Yong Kim and Jae-Hoon Jung and Jong-Beom Kim and Dae-Gyu Moon},
keywords = {OLED, Solution-processing, Poly-TPD, Annealing, Glass transition temperature},
}


@software{gwyddion,
  author       = {David Ne{\v{c}}as and Petr Klapetek},
  title        = {Gwyddion},
  version      = {2.56},
  release_date = {2020-06-30},
  developer    = {Czech Metrology Institute},
  license      = {GPL (Free software)},
  url          = {https://gwyddion.net},
  repository   = {svn.code.sf.net/p/gwyddion/code},
  note         = {Initial release on March 2, 2004 (preview version 0.99.1)},
}

@article{saito1959glass,
  title={Glass transition in polymers},
  author={Saito, Shogo and Nakajima, Tatsuji},
  journal={Journal of Applied Polymer Science},
  volume={2},
  number={4},
  pages={93--99},
  year={1959},
  publisher={Wiley Online Library}
}

@article{maxwell,
author = {Tombe, Frederick},
year = {2011},
month = {12},
pages = {},
title = {Maxwell's Original Equations}
}

@article{LI2021101431,
title = {Relaxation behavior of polymer thin films: Effects of free surface, buried interface, and geometrical confinement},
journal = {Progress in Polymer Science},
volume = {120},
pages = {101431},
year = {2021},
issn = {0079-6700},
doi = {https://doi.org/10.1016/j.progpolymsci.2021.101431},
url = {https://www.sciencedirect.com/science/article/pii/S0079670021000782},
author = {Bolin Li and Shuqing Zhang and John S. Andre and Zhan Chen},
keywords = {Polymer thin films, Relaxation behavior, Free surface, Buried interface, Geometrical confinement},
}
